 @article{orallo_2016, title={Evaluation in artificial intelligence: From task-oriented to ability-oriented measurement}, volume={48}, DOI={10.1007/s10462-016-9505-7}, number={3}, journal={Artificial Intelligence Review}, author={Hernández-Orallo, José}, year={2016}, pages={397–447}}

 @article{tt1, title={Beyond the Turing test: Performance metrics for evaluating a computer simulation of the human mind}, DOI={10.1109/devlrn.2002.1011826}, journal={Proceedings 2nd International Conference on Development and Learning. ICDL 2002}, author={Alvarado, N. and Adams, S.S. and Burbeck, S. and Latta, C.}}

 @article{tt2, title={The Truly Total Turing Test}, volume={8}, DOI={10.1023/a:1008229619541}, number={2}, journal={Minds and Machines}, author={Schweizer, Paul}, year={1998}, pages={263–272}}

 @article{tt3, title={A new design for a Turing test for Bots}, DOI={10.1109/itw.2010.5593336}, journal={Proceedings of the 2010 IEEE Conference on Computational Intelligence and Games}, author={Hingston, Philip}, year={2010}} 